<record><leader>00000cas a2200000 a 4500</leader><controlfield tag="001">11942505</controlfield><controlfield tag="008">850419d18731880ksuwr ne      0    0eng d</controlfield><datafield ind1=" " ind2=" " tag="010"><subfield code="a">sn 85029960 </subfield></datafield><datafield ind1=" " ind2=" " tag="040"><subfield code="a">KSH</subfield><subfield code="b">eng</subfield><subfield code="c">KSH</subfield><subfield code="d">NPT</subfield><subfield code="d">NPX</subfield><subfield code="d">MGN</subfield><subfield code="d">NVF</subfield><subfield code="d">OCL</subfield><subfield code="d">OCLCQ</subfield><subfield code="d">OCLCF</subfield><subfield code="d">OCLCO</subfield></datafield><datafield ind1="1" ind2=" " tag="029"><subfield code="a">AU@</subfield><subfield code="b">000020378320</subfield></datafield><datafield ind1=" " ind2=" " tag="042"><subfield code="a">msc</subfield></datafield><datafield ind1=" " ind2=" " tag="043"><subfield code="a">n-us-ks</subfield></datafield><datafield ind1="0" ind2=" " tag="130"><subfield code="a">Western progress (Spring Hill, Kan.)</subfield></datafield><datafield ind1="1" ind2="4" tag="245"><subfield code="a">The western progress.</subfield></datafield><datafield ind1=" " ind2=" " tag="260"><subfield code="a">Spring Hill, Johnson Co., Kan. :</subfield><subfield code="b">James Wilson,</subfield><subfield code="c">-1880.</subfield></datafield><datafield ind1=" " ind2=" " tag="300"><subfield code="a">v. :</subfield><subfield code="b">ill. ;</subfield><subfield code="c">50-71 cm.</subfield></datafield><datafield ind1=" " ind2=" " tag="310"><subfield code="a">Weekly</subfield></datafield><datafield ind1="0" ind2=" " tag="362"><subfield code="a">-v. 8, no. 24 (Apr. 1, 1880).</subfield></datafield><datafield ind1="1" ind2=" " tag="362"><subfield code="a">Began in 1873.</subfield></datafield><datafield ind1=" " ind2=" " tag="500"><subfield code="a">Published at Olathe, Kan. : Jan. 28, 1875-</subfield></datafield><datafield ind1=" " ind2=" " tag="500"><subfield code="a">Recognized organ of the reform or opposition party in the county; supported by the Grangers and agricultural classes. Cf. Rowell, 1875.</subfield></datafield><datafield ind1=" " ind2=" " tag="588"><subfield code="a">Description based on: Vol. 2, no. 44 (Aug. 17, 1874).</subfield></datafield><datafield ind1=" " ind2="0" tag="651"><subfield code="a">Olathe (Kan.)</subfield><subfield code="v">Newspapers.</subfield></datafield><datafield ind1=" " ind2="0" tag="651"><subfield code="a">Spring Hill (Kan.)</subfield><subfield code="v">Newspapers.</subfield></datafield><datafield ind1=" " ind2="7" tag="655"><subfield code="a">Newspapers.</subfield><subfield code="2">fast</subfield><subfield code="0">(OCoLC)fst01423814</subfield></datafield><datafield ind1=" " ind2="7" tag="651"><subfield code="a">Kansas</subfield><subfield code="z">Olathe.</subfield><subfield code="2">fast</subfield><subfield code="0">(OCoLC)fst01213358</subfield></datafield><datafield ind1=" " ind2="7" tag="651"><subfield code="a">Kansas</subfield><subfield code="z">Spring Hill.</subfield><subfield code="2">fast</subfield><subfield code="0">(OCoLC)fst01884519</subfield></datafield><datafield ind1=" " ind2=" " tag="752"><subfield code="a">United States</subfield><subfield code="b">Kansas</subfield><subfield code="c">Johnson</subfield><subfield code="d">Olathe.</subfield></datafield><datafield ind1=" " ind2=" " tag="752"><subfield code="a">United States</subfield><subfield code="b">Kansas</subfield><subfield code="c">Johnson</subfield><subfield code="d">Spring Hill.</subfield></datafield><datafield ind1="0" ind2="0" tag="780"><subfield code="t">Spring Hill progress</subfield><subfield code="w">(DLC)sn 84027674</subfield></datafield><datafield ind1="0" ind2="4" tag="785"><subfield code="t">Olathe gazette</subfield><subfield code="w">(DLC)sn 85029943</subfield></datafield></record>